% This file was created with JabRef 2.7b.
% Encoding: UTF8

@MANUAL{eucatools,
  title = {Euca2ools User Guide},
  note = {\url{http://open.eucalyptus.com/wiki/EucalyptusUserGuide}},
  owner = {johannes},
  timestamp = {2012.10.01}
}

@MANUAL{computeadmin,
  title = {OpenStack Compute Administration Manual},
  organization = {OpenStack Foundation},
  year = {Essex (2012.1)},
  note = {\url{http://docs.openstack.org/essex/openstack-compute/admin/content/index.html}},
  owner = {johannes},
  shorttitle = {Compute Administration},
  timestamp = {2012.10.01}
}

@MANUAL{starterguide,
  title = {OpenStack Compute Starter Guide},
  organization = {OpenStack Foundation},
  year = {Essex (2012.1)},
  note = {\url{http://docs.openstack.org/essex/openstack-compute/admin/content/index.html}},
  owner = {johannes},
  shorttitle = {Compute Starter Guide},
  timestamp = {2012.10.01}
}

@MANUAL{hybridfoxMan,
  title = {Hybridfox User Manual},
  organization = {CSS Corp | Confidential},
  month = {March},
  year = {2011},
  note = {\url{http://hybridfox.googlecode.com/files/Hybridfox_User_Manual_v1.pdf}},
  owner = {johannes},
  timestamp = {2012.10.01}
}

@comment{jabref-meta: selector_publisher:}

@comment{jabref-meta: selector_author:}

@comment{jabref-meta: selector_journal:}

@comment{jabref-meta: selector_keywords:}

